2699 3480
460 291 517 322 10
585 289 634 322 R.
648 280 1176 321 Koovmnuszxpofflno
1189 285 1425 335 CONJEcT.
1457 286 1490 319 8·
1507 286 1556 320 A·
1569 284 1834 322 Gnatum
1847 285 1913 321 Al>
1929 285 2042 328 ch.
2059 285 2247 321 rAcrrr.

920 340 934 357 ,
1963 344 1966 347 .

456 404 607 464 Quam
658 389 974 463 conjecturam
1018 398 1077 451 eo
1108 401 1227 451 ‘vero
1247 387 1535 468 'similiorem
1570 416 1672 453 esse
1706 414 1896 464 putem,
1931 415 2037 463 quo.
2062 391 2168 463 plus
2201 401 2285 449 hac

449 489 627 534 ratione
661 486 833 535 Tacito
881 489 1010 548 priva
1057 503 1135 535 sua
1172 490 1434 536 restituatur
1466 487 1695 546 brevitas;
1731 474 1923 549 quoque
1966 479 2132 544 melius
2177 488 2302 548 proq¹

453 573 587 620 cedat
622 583 814 629 eorum,
850 587 969 633 quae
1004 572 1169 621 deinde
1202 587 1329 636 gesta
1363 578 1498 630 sunt‚'
1531 574 1748 623 narratio.
1801 570 1932 637 Quid
1963 573 2086 620 euim
2122 570 2289 628 Frisii,
2334 596 2337 599 ·

455 659 535 719 qui
581 672 677 706 non
720 659 768 706 in
808 671 925 707 terra
959 658 1226 722 peregrina,
1261 655 1341 705 sed
1389 658 1436 705 in
1472 671 1551 705 sua
1588 656 1766 707 bellum
1800 655 2052 722 gerebant,
2087 654 2287 720 digredi-

453 756 613 790 rentur
646 741 701 789 ad
734 756 852 800 sua,
886 757 933 791 et
967 742 1154 805 quidem
1191 742 1247 791 ad
1277 756 1357 789 sua
1390 741 1633 790 tutanda?
1679 757 1774 790 non
1821 756 1925 790 sane
1960 755 2087 804 opus
2128 739 2289 800 fuisset

451 828 545 873 tale
580 827 882 889 digressionis
913 828 1161 875 consilium
1196 841 1592 893 commemorer&
1624 840 1731 875 cum
1767 829 1814 873 in
1842 825 2040 874 tutandis
2073 828 2167 872 suis
2188 829 2288 886 ipsa

452 926 635 972 semper
683 913 835 972 posita
881 913 940 959 sit
986 910 1212 959 defensio.
1287 909 1434 974 Quod
1482 898 1521 956 si
1566 923 1719 958 autem
1767 912 1872 971 quis
1920 922 2051 971 putet
2085 923 2144 957 ex
2188 923 2283 970 eo,·

455 996 586 1055 quod
621 996 810 1042 verbum
846 996 1032 1059 digredi
1066 995 1449 1058 significationem
1484 995 1646 1043 habeat
1669 994 1887 1047 *abeundi
1933 1008 1984 1042 ut
2030 1005 2109 1041 sua
2156 996 2294 1054 quis-¹

460 1094 553 1140 que
604 1093 814 1137 tueatur,
850 1094 1051 1128 veterem
1087 1079 1340 1128 lectionem
1373 1094 1474 1127 esse
1506 1077 1806 1135 retinendam,
1837 1078 1930 1127 hoc
1974 1077 2063 1125 sibi
2119 1076 2284 1126 habeat

452 1178 756 1223 responsum:
816 1167 970 1224 primo
1016 1164 1155 1211 stulte
1202 1179 1388 1210 acturos
1422 1162 1563 1210 fuisse
1602 1162 1808 1219 Frisios,
1854 1165 1892 1210 si
1943 1162 2123 1210 castelli
2157 1161 2285 1209 obsi·

450 1246 636 1294 dionem
674 1246 916 1297 solvissent
949 1261 1030 1305 ct,
1064 1260 1115 1294 ut
1151 1246 1433 1294 debellarent
1469 1246 1680 1304 hostem,
1715 1246 1771 1293 ad
1807 1261 1930 1294 suam
1966 1246 2162 1306 quisque
2199 1244 2301 1293 do·.

448 1344 574 1376 mum
611 1329 841 1377 tutandam
878 1330 1068 1391 digressi
1116 1328 1338 1386 fuisseut;
1388 1342 1516 1387 tum,
1553 1330 1791 1387 secundo,
1833 1343 2099 1392 sequentem
2133 1328 2291 1377 Taciti

447 1416 756 1462 narrationem
807 1428 964 1475 aperte
1019 1414 1221 1461 indicare
1281 1414 1459 1461 Frisios
1494 1427 1602 1461 non*
1637 1396 1869 1476 dispersos
1914 1414 1993 1461 sed
2039 1416 2085 1462 in
2142 1428 2284 1461 unum

451 1500 611 1547 locum
660 1498 901 1563 degressos
945 1497 1120 1556 fuisse,
1156 1498 1315 1560 ibique
1351 1501 1412 1546 ita
1445 1499 1684 1560 excepisse
1730 1513 1779 1546 et
1813 1498 2081 1564 profligasse
2115 1497 2285 1547 adven·

456 1599 602 1631 tantcs
646 1584 911 1640 Romanos,
962 1587 1044 1644 qui
1088 1598 1252 1630 eorum
1302 1597 1426 1647 terga
1471 1584 1777 1648 circumgredi
1828 1586 1944 1647 Jussi
2003 1599 2185 1641 essent,
2233 1597 2285 1630 ut

455 1669 561 1716 inde
597 1671 715 1715 inter
750 1669 1007 1716 Germanos
1042 1668 1303 1738 Frisiorum
1327 1683 1505 1715 nomen
1540 1669 1803 1716 inclaruerit
1839 1670 1942 1728 (r).
2007 1668 2121 1716 Non
2156 1672 2279 1716 euim

451 1753 692 1814 Apronius
727 1751 984 1798 Frisiorum
1021 1765 1148 1811 terga
1172 1751 1481 1811 circumgredi
1502 1752 1665 1810 jubere
1695 1767 1805 1798 suos
1839 1754 2068 1811 potuisset
2099 1753 2189 1799 nisi
2213 1752 2285 1798 illi

452 1853 549 1884 uno
600 1838 647 1882 in
696 1835 809 1882 loco
855 1847 1009 1880 essent
1064 1818 1349 1898 congregati,
1427 1832 1677 1881 Caeterum
1728 1835 1892 1881 mirum
1954 1837 2000 1882 in
2062 1834 2285 1899 modum,

451 1920 583 1983 quod
620 1922 758 1965 tertio
796 1918 908 1964 loco
944 1919 1135 1963 omnino
1169 1930 1238 1963 est
1277 1917 1646 1973 observandum,
1694 1918 1883 1965 fluctuat
1931 1920 1976 1965 in
2022 1919 2168 1966 verbo
2213 1920 2287 1967 di·

446 2006 615 2071 gredi,
661 2018 714 2051 ut
758 2018 804 2050 et
851 2003 1118 2057 diversari,
1164 2003 1404 2048 devertere
1451 2003 1801 2061 similibusque,
1859 2003 2086 2050 scribendi
2137 2005 2284 2059 ratio,

451 2092 514 2136 ita
545 2102 597 2136 ut
632 2088 828 2134 librariis
863 2086 999 2147 hujus
1034 2085 1250 2131 vocabuli
1285 2098 1393 2131 usus
1425 2099 1517 2131 non
1552 2087 1811 2132 constitisse
1847 2086 2066 2134 videatur.
2110 2085 2285 2139 Exem-

450 2178 529 2238 pla
576 2174 680 2221 vide
729 2174 790 2218 sis
837 2170 959 2232 apud
1008 2168 1269 2217 Ernestium
1316 2167 1369 2216 ad
1418 2169 1540 2217 hunc
1576 2171 1724 2231 ipsum
1761 2170 1976 2220 Tacitum
2023 2172 2152 2240 Arrn.
2200 2171 2288 2222 lv.

453 2274 535 2322 49.
584 2271 666 2321 74.
715 2255 800 2305 VI.
853 2270 894 2303 1.
944 2252 1094 2308 Hist„
1126 2254 1187 2301 11.
1236 2267 1314 2317 5¹·
1348 2268 1393 2301 et
1426 2255 1535 2302 alibi
1568 2257 1735 2317 passim
1769 2257 1855 2317 (2).

917 2376 1967 2389 ——ss—

509 2449 587 2502 (ι)
622 2447 762 2491 Tacit.
800 2447 918 2490 Ann.
956 2445 1035 2489 lv.
1069 2458 1142 2498 74.

511 2525 588 2580 (α)
618 2524 679 2570 Et
712 2522 863 2567 habent
896 2521 1014 2570 etiam
1051 2522 1131 2567 hoc
1167 2522 1296 2575 loc0,
1330 2531 1378 2566 ur
1403 2523 1567 2568 monuit
1605 2523 1677 2570 Cl.
1715 2535 1815 2570 vAN
1839 2536 2062 2581 renuet»,
2094 2525 2284 2572 nonnulli

453 2601 596 2646 codd.
624 2599 870 2657 Degrcsst's.
